{"gold_per_floor":[110,16,16,32,32,61,61,61],"floor_reached":8,"playtime":586,"items_purged":[],"score":56,"play_id":"6a2d11b2-dffb-426b-a41b-31d32b1ec6d7","local_time":"20260103160431","is_ascension_mode":false,"campfire_choices":[],"neow_cost":"NONE","seed_source_timestamp":0,"circlet_count":0,"master_deck":["Strike_R","Strike_R","Strike_R","Strike_R","Strike_R","Defend_R","Defend_R","Defend_R","Bash","Anger","Burning Pact","Cleave","Combust"],"relics":["Burning Blood","NeowsBlessing","Centennial Puzzle"],"potions_floor_usage":[],"damage_taken":[{"damage":0,"enemies":"Small Slimes","floor":1,"turns":1},{"damage":0,"enemies":"Jaw Worm","floor":4,"turns":1},{"damage":6,"enemies":"Gremlin Nob","floor":6,"turns":3},{"damage":42,"enemies":"Cultist","floor":7,"turns":6},{"damage":49,"enemies":"3 Sentries","floor":8,"turns":4}],"seed_played":"-3069869961254338336","potions_obtained":[],"is_trial":false,"path_per_floor":["M","$","?","M","?","E","M","E"],"character_chosen":"IRONCLAD","basemod:card_modifiers":[null,null,null,null,null,null,null,null,null,null,null,null,null],"items_purchased":["Burning Pact","Cleave"],"campfire_rested":0,"item_purchase_floors":[2,2],"current_hp_per_floor":[80,80,80,80,80,80,44,0],"gold":61,"neow_bonus":"THREE_ENEMY_KILL","is_prod":false,"is_daily":false,"chose_seed":false,"campfire_upgraded":0,"win_rate":0.0,"timestamp":1767452671,"path_taken":["M","$","?","M","?","E","M","E"],"build_version":"2022-12-18","purchased_purges":0,"victory":false,"max_hp_per_floor":[80,80,80,80,80,80,80,80],"card_choices":[{"not_picked":["True Grit","Dropkick"],"picked":"Anger","floor":1},{"not_picked":["Sword Boomerang","Twin Strike","Body Slam"],"picked":"SKIP","floor":4},{"not_picked":["Sword Boomerang","Twin Strike","Body Slam"],"picked":"SKIP","floor":4},{"not_picked":["Disarm","Sever Soul"],"picked":"Combust","floor":6},{"not_picked":["Clothesline","Flex","Shrug It Off"],"picked":"SKIP","floor":7}],"player_experience":6846,"relics_obtained":[{"floor":6,"key":"Centennial Puzzle"}],"event_choices":[{"damage_healed":26,"gold_gain":0,"player_choice":"Banana","damage_taken":0,"max_hp_gain":0,"max_hp_loss":0,"event_name":"Big Fish","floor":3,"gold_loss":0},{"cards_removed":["Defend_R"],"damage_healed":0,"gold_gain":0,"player_choice":"Forget","damage_taken":0,"max_hp_gain":0,"max_hp_loss":0,"event_name":"Living Wall","floor":5,"gold_loss":0}],"is_beta":false,"boss_relics":[],"items_purged_floors":[],"is_endless":false,"potions_floor_spawned":[4],"killed_by":"3 Sentries","ascension_level":0}